@Book{bishop:2006,
  author =	"Christopher M. Bishop",
  title =	"Pattern Recognition and Machine Learning",
  publisher =	"Springer",
  year = 	"2006",
  address =	"New York, NY 10013",
  ISBN = 	"0-387-31073-8",
}
@Article{SVMGuide,
  title =	"A Practical Guide to Support Vector Classification",
  author =	"Chih-Wei Hsu",
  year = 	"2010",
  url =	"http://www.csie.ntu.edu.tw/~cjlin/papers/guide/guide.pdf",
}
@incollection {UsersGuideSVM,
   author = {Ben-Hur, Asa and Weston, Jason},
   affiliation = {Department of Computer Science, Colorado State University, Fort Collins, CO USA},
   title = {A User’s Guide to Support Vector Machines},
   booktitle = {Data Mining Techniques for the Life Sciences},
   series = {Methods in Molecular Biology},
   publisher = {Humana Press},
   isbn = {978-1-60327-241-4},
   pages = {223-239},
   volume = {609},
   url = {http://dx.doi.org/10.1007/978-1-60327-241-4_13},
   year = {2010}
}
@Article{Shwartz:2007,
  title =	"Pegasos: Primal Estimated sub-GrAdient SOlver for SVM",
  author =	"Shai Shalev-Shwartz, Yoram Singer, Nathan Srebro",
  journal =	"24th International Conference on Machine Learning (ICML)",
  year = 	"2007",
  pages =	"807--814",
}
@Article{Wang:2010,
  title =	"Multi-Class Pegasos on a Budget",
  author =	"Zhuang Wang, Koby Crammer, Slobodan Vucetic",
  journal =	"27th International Conference on Machine Learning (ICML)",
  year = 	"2010",
}
@incollection{MichaelBain:1994,
author = "Michael Bain",
year = "1994",
title = "Chess (King-Rook vs. King) Data Set",
url = "http://archive.ics.uci.edu/ml/datasets/Chess+\%28King-Rook+vs.+King\%29",
institution = "Computer Science
University of New South Wales''
address =	"Sydney 2052 Australia.", 
} 